<record><leader>00000cas a2200000 a 4500</leader><controlfield tag="001">11098277</controlfield><controlfield tag="008">840828d18881942ksudr ne      0   a0eng d</controlfield><datafield ind1=" " ind2=" " tag="010"><subfield code="a">sn 84029378 </subfield></datafield><datafield ind1=" " ind2=" " tag="040"><subfield code="a">KSH</subfield><subfield code="b">eng</subfield><subfield code="c">KSH</subfield><subfield code="d">NPT</subfield><subfield code="d">NSD</subfield><subfield code="d">NPT</subfield><subfield code="d">OCL</subfield><subfield code="d">OCLCQ</subfield></datafield><datafield ind1=" " ind2=" " tag="042"><subfield code="a">msc</subfield></datafield><datafield ind1="0" ind2="0" tag="245"><subfield code="a">Abilene daily reflector.</subfield></datafield><datafield ind1=" " ind2=" " tag="260"><subfield code="a">Abilene, Kan. :</subfield><subfield code="b">Reflector Pub.,</subfield><subfield code="c">1888-1942.</subfield></datafield><datafield ind1=" " ind2=" " tag="300"><subfield code="a">52 v. :</subfield><subfield code="b">ill. ;</subfield><subfield code="c">55-60 cm.</subfield></datafield><datafield ind1=" " ind2=" " tag="310"><subfield code="a">Daily</subfield></datafield><datafield ind1="0" ind2=" " tag="362"><subfield code="a">Vol. 2, no. 1 (May 2, 1888)-v. 54, no. 308 (Apr. 30, 1942).</subfield></datafield><datafield ind1=" " ind2=" " tag="500"><subfield code="a">Publisher varies.</subfield></datafield><datafield ind1=" " ind2=" " tag="500"><subfield code="a">"Republican."</subfield></datafield><datafield ind1=" " ind2=" " tag="530"><subfield code="a">Available on microfilm from Micro Photo.</subfield></datafield><datafield ind1=" " ind2=" " tag="580"><subfield code="a">Issued also in weekly edition called: Abilene weekly reflector, 1883-1935.</subfield></datafield><datafield ind1=" " ind2=" " tag="580"><subfield code="a">Merged with: Abilene daily chronicle, to form: Abilene reflector-chronicle.</subfield></datafield><datafield ind1=" " ind2=" " tag="752"><subfield code="a">United States</subfield><subfield code="b">Kansas</subfield><subfield code="c">Dickinson</subfield><subfield code="d">Abilene.</subfield></datafield><datafield ind1="1" ind2=" " tag="775"><subfield code="t">Abilene weekly reflector</subfield><subfield code="w">(DLC)sn 84029386</subfield></datafield><datafield ind1="0" ind2="0" tag="780"><subfield code="t">Evening reflector</subfield><subfield code="w">(DLC)sn 84029377</subfield></datafield><datafield ind1="0" ind2="5" tag="780"><subfield code="t">Abilene weekly reflector</subfield><subfield code="g">Feb. 21, 1935</subfield><subfield code="w">(DLC)sn 84029386</subfield></datafield><datafield ind1="1" ind2="7" tag="785"><subfield code="t">Abilene daily chronicle (Abilene, Kan. : 1933)</subfield><subfield code="w">(DLC)sn 84029366</subfield></datafield><datafield ind1="1" ind2="7" tag="785"><subfield code="t">Abilene reflector-chronicle</subfield><subfield code="x">0890-345X</subfield><subfield code="w">(DLC)sn 84029353</subfield></datafield></record>